3256 4382
87 86 90 90 ’
197 72 288 247 64
626 59 993 236 Institutionum
1254 67 1440 203 LibJ,
1517 163 1523 172 .

47 362 55 373 ,7
198 247 338 380 tioiico
365 265 624 353 chaeasierem
642 257 781 344 menhs
807 289 842 346 1.
867 279 1026 374 ¹²·793
1058 262 1307 372 prmaeium,
1333 268 1440 376 abje-

200 385 268 464 sio
284 407 443 464 numero
456 377 683 484 septenario,
700 371 861 478 2.4.438
873 373 928 456 est
946 378 1012 456 sex
1030 374 1214 459 mensium
1235 377 1438 466 charaher.

200 493 295 576 Cui·
314 519 403 573 cum
439 487 644 592 adjicerem
661 478 918 565 charasherem
935 487 1037 568 Tisri
1052 493 1121 594 qui
1151 484 1227 570 hoc
1260 517 1362 572 anno
1375 517 1443 598 pec

201 599 391 684 calculum
419 599 494 680 fuit
517 627 550 677 1.
571 621 636 700 23.
652 591 744 692 847,
764 617 1014 702 aggregatum
1029 597 1084 679 est
1101 626 1188 701 44·
1208 626 1302 703 205.
1337 601 1441 708 Ergo

201 737 305 793 anno
325 710 399 798 hoe
424 706 586 805 Judaieo
604 706 804 787 neomenia
822 705 942 787 Nisan
958 704 1223 791 Astronomice
1240 711 1361 793 Mart.
1380 717 1446 797 aossv

202 822 309 904 sena
327 850 365 927 4.
379 818 472 901 hora
491 849 529 921 4.
547 843 625 918 205
650 809 810 915 accidet,
828 841 930 896 anno
941 814 1083 898 Christi
1100 843 1164 917 71.
1189 817 1322 925 cyclus
1340 821 1443 906 Solis
1482 919 1487 926 „

201 931 276 1013 fuit
305 960 369 1033 24.
390 935 469 1011 Lit.
502 931 620 1012 Dom.
639 928 679 1006 F.
701 919 899 1005 charadier
928 926 1066 1009 Martii
1096 953 1148 1008 20
1167 929 1209 1008 Β.
1240 930 1439 1038 Eratergo

105 1133 107 1138 ,
203 1043 310 1124 Feria
328 1061 477 1147 quarta.
514 1036 655 1118 Pascha
675 1030 907 1117 celebratum
924 1034 985 1117 est.
998 1033 1062 1118 die
1088 1063 1136 1138 15
1155 1034 1269 1142 hujus
1288 1048 1438 1139 meniis,

204 1154 229 1231 i.
248 1177 281 1230 e.
300 1148 422 1256 April.
444 1175 478 1250 3.
498 1147 615 1230 Perii.
643 1175 682 1248 4.
731 1141 837 1225 Nam
864 1153 1067 1232 neomenia
1086 1145 1208 1229 Nisan
1244 1152 1441 1234 &Pascha

201 1261 348 1367 semper
365 1255 526 1342 eandem
544 1263 584 1364 in
597 1251 729 1337 feriam
749 1251 980 1338 coincidunt.

261 1379 297 1451 6.
324 1369 366 1450 Si
385 1364 959 1476 deprehenshncomenii‘sisti,
983 1360 1199 1448 Paschalem
1217 1373 1332 1450 etiam
1345 1367 1443 1451 eele-

204 1476 481 1584 britatemquae
495 1468 730 1582 praecesserit,
757 1478 962 1574 invenires,
990 1471 1040 1556 ab
1057 1479 1213 1560 inventi
1232 1481 1333 1560 Tisri
1346 1506 1441 1560 neo·

200 1591 327 1669 menia
363 1587 495 1696 reguli
525 1583 710 1690 perpetua
745 1579 880 1664 demas
894 1580 979 1665 dies
1000 1589 1089 1686 163.
1138 1587 1186 1668 Et
1200 1582 1283 1670 dies
1300 1586 1441 1671 refidm

200 1695 340 1780 Pascha
352 1696 570 1804 pr'aecedens
588 1689 825 1790 indicabunt,
843 1689 961 1799 idque
980 1699 1020 1774 in
1031 1689 1167 1776 eodem
1180 1695 1346 1799 Iuliano,
1374 1698 1439 1779 sed

200 1811 244 1887 in
254 1805 495 1891 antecedenti
509 1829 609 1884 anno
627 1799 798 1898 Iudaico.
827 1799 893 1883 Ex.
916 1827 974 1910 gr.
990 1804 1108 1884 Anno
1121 1805 1264 1888 Christi
1279 1833 1345 1905 70,
1373 1809 1440 1902 Ju-

198 1911 311 1997 daico
330 1916 380 2024 38
387 1942 434 2023 31
453 1917 655 1998 neomenia
675 1911 776 1993 Tisri
794 1918 974 1994 convenit
993 1917 1033 1992 in
1050 1913 1156 2021 Sept.
1172 1944 1235 2022 24·
1262 1915 1342 1997 Hic
1353 1914 1441 2000 dies

198 2021 254 2106 est
282 2013 305 2100 ὲ
340 2026 425 2109 Kal.
443 2027 525 2122 Jan.
560 2027 654 2124 267,
693 2020 801 2103 aufer
831 2028 921 2128 163,
940 2019 1079 2104 restant
1102 2053 1191 2130 ¹04·
1217 2027 1319 2132 Ergo
1335 2053 1438 2109 anno

197 2131 341 2219 Christi
366 2161 431 2238 70,
450 2131 610 2233 Judaieo
647 2129 754 2236 3830
772 2129 914 2215 Pascha
934 2131 1168 2216 celebratum
1189 2131 1242 2217 est
1271 2135 1335 2217 die
1359 2163 1439 2241 104

201 2237 224 2322 ἦ
243 2245 330 2348 Kal.
348 2247 549 2346 Januariis,
576 2239 887 2347 iscstApril.14.

255 2383 292 2454 7.
304 2355 351 2437 In
365 2383 467 2440 anno
483 2345 733 2438 Embolimaeo
751 2351 871 2432 Nisan
888 2348 943 2434 est
963 2352 1126 2436 oastuvus
1146 2353 1169 2435 i
1189 2355 1292 2458 Tisci
1314 2352 1437 2438 inelu-

89 2495 94 2506 ,
196 2459 273 2544 sive
290 2489 448 2571 propter
465 2469 635 2547 mensem·
651 2454 795 2569 Veqdar
812 2460 1088 2546 intercalatum.
1123 2463 1374 2572 Quapropter
1394 2472 1440 2550 in

199 2591 303 2654 anno
316 2573 600 2660 Embolimaeoa
618 2561 786 2678 Tisiiad
807 2565 926 2652 Nisan
939 2578 1133 2656 ineuntem
1152 2577 1236 2658 dies
1251 2575 1438 2683 completi

193 2683 284 2766 sunt
301 2703 379 2787 207
399 2683 568 2772 addendi
590 2680 638 2767 ad
669 2678 770 2762 diem
787 2679 994 2784 Julianum,
1028 2690 1091 2765 cui
1110 2689 1313 2768 neomenia
1333 2691 1437 2772 Tisti

192 2802 383 2906 congmit,
411 2823 455 2880 ut
485 2796 742 2892 obtineamus,
782 2789 980 2874 character
1015 2792 1150 2878 mensis
1195 2826 1230 2878 1.
1260 2823 1323 2877 12.
1341 2790 1438 2903 793.

191 2904 332 3008 septies
364 2904 564 2990 ducendus
586 2901 655 3008 est,
692 2895 973 3008 &produe‘eum
988 2897 1312 2988 ‘adcharaeicr'em
1329 2905 1436 2990 ‘sisti

194 3016 494 3120 aggregandum.
