3256 4382
1372 0 1606 17 ἡ

39 131 40 142 ¹
119 75 343 214 ·Lib.1.
581 15 1115 255 Chronologr'carums·
1318 95 1360 220 6
1369 73 1430 248 3

34 283 41 383 J
158 287 298 366 micum
317 273 536 378 Judaeorum
555 275 743 388 calculum
761 278 866 388 Sept.
889 307 951 383 ²4·
980 277 1073 364 serii
1089 305 1124 360 2.
1144 276 1277 389 cyclus
1296 280 1401 362 Solia

156 414 236 476 ctat
257 419 324 495 23.
356 395 430 473 Lit.
446 395 563 474 Dom.
587 391 637 472 G.
654 388 847 474 charader
865 389 970 496 Sept.
990 419 1054 493 24.
1081 392 1131 474 A.
1190 389 1279 472 Erat
1304 392 1398 497 trgd

29 537 31 568 1
153 503 264 584 Seria
291 498 463 594 fecunda,
523 498 643 602 Quid
663 495 788 582 sidics
818 496 868 582 stc
886 505 1064 584 inventus
1088 504 1127 580 in
1153 497 1286 584 feriam
1308 497 1397 582 ante

28 569 32 663 f
152 606 379 694 calculatam
398 637 476 692 non
507 607 811 710 reuetnciderir,
839 633 905 713 per
932 609 1062 692 feriam
1080 607 1187 694 istam
1205 617 1397 718 corrigen-

150 717 222 804 dus
243 717 310 802 est.
369 725 426 804 Ut
445 717 472 802 si
493 716 566 800 hoc
585 745 686 802 anno
706 717 875 802 calculus
895 716 944 802 ad
964 719 1051 825 Sep.
1072 741 1137 817 25.
1152 746 1223 801 nos
1241 719 1398 804 direxis-

148 832 213 930 set,
243 829 331 912 dics
349 855 476 912 tamen
493 859 543 930 24
559 824 776 912 assumenda
793 823 930 930 fuisset,
965 821 1166 935 propterefa
1186 829 1293 934 qudd
1311 832 1392 932 ista,

148 965 223 1020 non
240 971 291 1043 25
303 939 361 1022 est
383 945 490 1023 feria
508 938 683 1022 secunda.

201 1079 240 1151 4.
280 1049 534 1154 Deprehensi
563 1048 765 1130 neomenid
793 1047 907 1130 Tisti.
944 1041 1179 1153 reliquorum
1210 1047 1392 1136 mensium

147 1168 363 1243 neomeniae
386 1155 563 1242 facillime
580 1158 857 1264 dignoscantur.
903 1155 1008 1238 Nam
1026 1185 1087 1239 ex.
1118 1185 1175 1264 gr.
1202 1157 1390 1266 hoc-anno

94 1293 114 1360 .·
147 1264 291 1352 Christi
317 1276 438 1369 1667,
468 1294 589 1349 annus
605 1266 787 1364 'Judaicus
804 1263 906 1370 5428
922 1272 1038 1371 coepit
1056 1268 1160 1374 Sept.
1179 1269 1214 1350 8.
1241 1271 1282 1351 Si
1301 1273 1392 1356 scire

146 1374 285 1460 vellem
297 1387 338 1462 in
370 1404 486 1487 quem
504 1376 606 1460 diem
620 1377 811 1473 Julianum
831 1372 965 1456 incidit
984 1383 1185 1459 neomenia
1203 1381 1391 1488 Mathefh-

145 1515 230 1588 aar,
260 1486 447 1572 mensium
462 1479 687 1570 laterculum
705 1486 875 1584 consulo,
895 1489 930 1566 u
949 1491 1106 1568 inuenio
1125 1490 1224 1570 Tisri
1253 1517 1305 1596 3ο
1323 1491 1391 1576 ha-

18 1601 19 1604 ‘
147 1599 235 1682 bere
250 1599 353 1682 dica.
379 1599 506 1704 Igitur
524 1596 571 1682 ad
588 1595 692 1704 Sept.
713 1596 750 1678 8.
767 1593 871 1676 addo
894 1621 957 1700 30.
969 1596 1113 1677 summa
1124 1595 1177 1680 cst
1190 1597 1250 1706 38.
1289 1605 1389 1710 Ergo

149 1716 352 1792 neomenia
370 1705 612 1810 Murhelbvan
627 1703 838 1790 acciditdie
864 1704 910 1805 38
934 1703 1053 1786 dKal.
1071 1707 1176 1815 Sept.
1198 1705 1274 1791 sne
1293 1714 1389 1795 Oui.

151 1817 186 1900 8.
208 1820 250 1901 Si
263 1819 523 1904 characterem
542 1823 750 1900 neomeniae
772 1811 1009 1919 Mathejbvan
1026 1838 1205 1912 tenerem,
1232 1818 1280 1902 ad
1302 1819 1392 1907 cha·

151 1930 336 2013 raderem
351 1932 452 2012 Tisri
463 1926 602 2032 adjicio
612 1925 868 2009 charadterem
882 1931 995 2006 unius
1018 1924 1167 2030 menfis,
1185 1928 1233 2012 ed
1247 1933 1390 2040 quddit

153 2041 362 2122 neomenih·
384 2038 486 2122 Tisti
504 2034 551 2120 ad
569 2041 806 2118 neomeniam
826 2033 1068 2138 Mathefhvan
1086 2045 1221 2124 unicus
1252 2043 1389 2140 mensis

154 2149 365 2246 intercedit,
385 2147 578 2231 character
603 2151 813 2229 neomeniae
834 2145 935 2226 Tisti
953 2143 1016 2225 est.
1039 2176 1071 2228 1.
1092 2159 1128 2230 6.
1148 2177 1239 2255 943.
1257 2153 1391 2238 chara-

152 2261 231 2343 der
248 2256 387 2342 mensu
405 2255 458 2340 est
482 2287 515 2337 1.
540 2285 595 2339 ra.
615 2283 706 2362 793.
756 2257 1020 2360 aggregatum
1041 2254 1176 2338 horum
1196 2257 1390 2342 charatste-

153 2398 236 2453 rum
250 2367 306 2451 est
321 2397 438 2471 2.19.
456 2372 554 2470 656.
564 2373 634 2474 qui
651 2365 848 2450 character
866 2361 918 2446 est
930 2369 1139 2449 neomeniae
1149 2369 1392 2472 Mathelhvan

151 2477 226 2564 Sed
243 2476 427 2587 quoniam
458 2475 559 2560 horae
579 2479 665 2558 sunt
690 2505 751 2580 19,
788 2473 876 2556 hinc
897 2481 1069 2575 proxima
1090 2475 1184 2564 feria
1204 2483 1389 2583 sumenda

151 2589 213 2675 cst.
244 2587 397 2672 Incidet
412 2614 510 2698 ergo
524 2593 724 2669 neomenia
744 2581 987 2681 Marbeuvan
1011 2595 1050 2670 in
1070 2588 1334 2676 ouobnrer.
1356 2622 1392 2702 3.

151 2703 280 2786 Litera
300 2704 416 2783 Dom.
436 2695 491 2782 est
506 2701 545 2779 F.
566 2695 761 2780 character
779 2695 929 2778 octob.
945 2724 981 2802 3.
1010 2702 1059 2782 A.
1077 2697 1140 2780 Est
1159 2725 1251 2806 ergo
1278 2705 1388 2785 Feria
1404 2699 1413 2772 's

151 2820 271 2898 tertia.
390 2851 418 2890 .;
596 2879 599 2888 .
1262 2887 1271 2902 .

207 2957 245 3026 ς.
269 2919 318 3004 In
341 2915 463 3004 altero
482 2915 661 3022 exemplo
675 2923 764 2999 anni
782 2913 928 3012 Judaici
946 2915 1043 3024 3831
1071 2925 1272 3006 neomenia
1290 2925 1419 3010 Tisti·
1584 2928 1587 2934 ’

152 3037 189 3116 in
205 3037 312 3139 Sept.
333 3058 399 3136 24.
412 3054 514 3109 anno
536 3023 678 3110 Christi
697 3052 748 3124 70
760 3034 962 3110 concurrit.
990 3026 1251 3116 Neomeniam
1266 3037 1388 3122 Nisan
1404 3088 1421 3099 ··

151 3140 339 3230 haberem.
366 3143 463 3220 Dies
485 3137 591 3245 Sept.
623 3164 677 3242 24
709 3133 764 3218 est
781 3143 857 3238 267
876 3138 899 3218 ὲ
916 3137 1002 3220 Kal.
1030 3138 1110 3233 Jan.
1139 3145 1399 3230 Aheomenia'

151 3255 249 3338 Tisri
269 3246 317 3333 ad
337 3253 576 3330 neomeniam
590 3245 710 3328 Nisan
723 3245 805 3330 dies
822 3274 895 3348 177
909 3241 1084 3348 effluunt,
1111 3275 1154 3332 ut
1173 3249 1390 3338 dmenfium
1436 3295 1438 3299 ·
1607 3319 1609 3326 ,

19 3369 20 3378 '
151 3356 334 3448 laterculo
352 3380 471 3464 patet.
495 3357 620 3463 Igitur
638 3353 687 3437 ad
698 3368 775 3456 267
801 3385 970 3548 afgrcgo
995 3385 1086 3459 177,
1104 3355 1282 3445 &summu
1307 3395 1392 3472 444

152 3473 286 3580 abjicio
305 3466 388 3550 dies
406 3473 519 3548 unius
542 3472 632 3550 anni
643 3465 797 3566 Juliani,
842 3494 911 3550 ive·
929 3475 1016 3571 365,
1034 3465 1222 3554 residuum
1241 3471 1294 3562 est
1325 3503 1391 3584 79.
1426 3523 1429 3527 -

151 3585 248 3694 Ergo
272 3584 472 3665 neomenia
502 3577 623 3660 Nisan
646 3574 781 3658 inridit
801 3583 840 3658 in
863 3575 968 3660 diem
999 3605 1050 3680 79
1070 3578 1092 3659 a
1111 3581 1198 3664 Kal.
1217 3586 1298 3681 Jan.
1317 3596 1342 3669 i.
1355 3617 1388 3670 e.

152 3695 287 3778 Martii
307 3716 368 3770 20.
401 3713 504 3769 anno
521 3682 660 3768 Christi
694 3712 760 3786 7¹·
796 3687 835 3768 Si
855 3687 1112 3772 characterem
1131 3699 1247 3778 etiam
1274 3692 1389 3803 hujus
1435 3749 1437 3753 -
1601 3706 1603 3752 ἴ

149 3807 359 3908 neomeniae
379 3795 712 3904 deprehenderem,
734 3804 915 3904 quoniam
953 3798 1074 3881 Nisan
1101 3797 1176 3886 hoc
1204 3801 1323 3909 ann0,²
1346 3833 1403 3895 ut·
1438 3841 1440 3844 ·

149 3916 357 4014 communi,
387 3904 442 3991 cst
458 3910 641 4016 septimus
664 3907 802 3991 itTisri
826 3903 1020 4014 inclusive,
1047 3906 1137 3995 hinc
1152 3917 1274 4000 sexies
1293 3923 1393 4004 mul·

1255 4027 1443 4135 tipum>
1595 4065 1598 4120 ;
