3256 4382
139 117 374 274 «ΠΜ,
569 110 1035 284 ίόνοηοίοὲἱεανκω.
1123 268 1124 272 Ν
1266 185 1268 191 ·
1341 167 1417 282 17

238 346 274 394 2.
301 317 400 393 Dies
414 307 494 392 haec
519 307 703 392 naturalis
723 309 909 416 perpetuo
922 317 1113 394 variatur:
1140 337 1228 394 nam
1247 313 1270 396 a
1290 309 1422 398 Solsti·

181 432 240 507 tio
263 421 455 530 Hyberno
475 417 524 501 ad
541 419 712 502 aestivum
730 419 908 527 quotidie
925 425 1068 522 crescit,
1090 420 1270 505 decrescit
1289 445 1418 508 autem

182 531 371 622 abaestivo
385 530 433 614 ad
446 531 676 638 Hybernum
684 564 696 630 3
730 531 828 612 adeo
850 555 894 611 ut
907 528 990 612 cum
1001 533 1069 614 Sol
1079 531 1274 615 Cancrum
1294 542 1419 642 ingre-

182 643 298 742 ditur,
315 640 400 724 dies
428 641 608 720 naturalis
637 639 681 721 fit
699 635 965 746 longissima&
982 669 1059 724 nox
1077 643 1303 742 brevissima,
1332 647 1419 726 bre·

182 754 327 835 villtma
341 779 433 833 vero
453 749 535 832 dies
554 757 682 832 &nox
701 747 1004 856 longiffimactlm
1012 751 1310 860 Capricornum:
1329 756 1416 836 Nec

182 890 354 970 unquam
376 859 462 944 dies
483 857 673 941 naturales
691 859 870 942 nostibus
896 887 1144 968 exaquantur
1163 887 1416 970 praeterquam

182 981 221 1055 in
241 975 395 1078 punctis
414 969 762 1078 aequinoctialibus,
790 967 875 1050 cum
894 971 963 1052 Sol
982 972 1157 1054 nimirum
1178 975 1417 1079 primumvel
1485 981 1491 993 '

183 1087 324 1165 Arietis
347 1081 409 1164 vel
417 1082 547 1162 Librae
561 1081 747 1186 punctum
766 1078 927 1164 invadit.

237 1300 312 1382 IlI.
320 1305 412 1381 Dies
422 1299 561 1381 Civilis
571 1297 620 1398 est
631 1305 798 1408 temporis
795 1295 957 1404 spatium
966 1328 1028 1406 quo
1036 1299 1102 1381 Sol
1110 1295 1156 1380 ab
1164 1331 1229 1383 uno
1234 1299 1362 1411 punllo
1369 1301 1424 1382 ad

238 1510 240 1514 Α
294 1407 397 1503 idem,
430 1431 472 1490 ut
499 1404 655 1492 timedio
670 1406 766 1488 nolle
785 1405 837 1488 ad
846 1404 997 1489 mediam
1014 1411 1143 1492 nollem
1162 1413 1416 1494 circumvolvi-

228 1621 230 1624 ·
294 1541 369 1624 tur,
397 1541 504 1630 atque
521 1513 600 1600 ideo
614 1519 745 1602 nollem
766 1526 879 1599 etiam
898 1519 1098 1604 naturalem
1114 1519 1385 1634 comprehendit.

241 1774 275 1826 1.
304 1739 420 1841 Coeli,
445 1736 509 1820 vel
531 1743 611 1835 (uti
633 1735 742 1846 loqui
760 1735 883 1819 solent
897 1741 1064 1847 antiqui)
1085 1740 1280 1845 supremus
1297 1741 1419 1826 Orbis

181 1852 232 1936 ab
254 1874 341 1932 ortu
357 1849 406 1932 ad
422 1853 599 1930 occasum
614 1849 737 1930 indies
755 1855 1049 1932 circumrotatur
1060 1884 1086 1949 3,
1100 1850 1191 1932 Sole
1203 1860 1353 1936 interim
1369 1851 1419 1937 ab

183 1965 320 2042 occasu
342 1959 391 2041 ad
407 1982 533 2040 ortum
546 1956 726 2066 paulatim
744 1957 993 2064 regrediente.
1052 1965 1148 2042 Dies
1162 1969 1294 2072 itaque
1307 1969 1418 2046 Civi-

182 2071 233 2151 lis
252 2073 326 2152 una
340 2068 485 2150 constat
506 2075 708 2176 aequatoris
727 2067 880 2148 abortu
899 2067 948 2150 ad
968 2071 1142 2150 occasum
1162 2073 1418 2156 circumvolu-

183 2187 304 2277 tione,
332 2183 367 2261 δι
398 2202 507 2262 tanto
527 2203 709 2286 practerea
727 2183 913 2280 temporis
932 2179 1145 2279 intervallo,
1173 2207 1320 2284 quanto
1349 2184 1421 2270 Sot

181 2291 303 2374 indies
324 2292 371 2373 ab
389 2288 525 2372 occasu
540 2287 587 2370 ad
607 2312 737 2368 ortum
754 2286 855 2367 retro
869 2286 1105 2393 provehitur.
1142 2290 1264 2394 Qtod
1286 2315 1416 2372 tamen
1545 2355 1549 2364 .

182 2425 372 2508 perpetuo
390 2429 468 2480 non
487 2397 541 2481 est
559 2396 721 2502 ejusdem
738 2403 978 2503 quantitatis,
1005 2396 1285 2506 idquepropter
1296 2398 1418 2484 Zodi-

182 2519 241 2594 aci
261 2511 534 2617 obliquitatem
557 2509 714 2590 &Solis
736 2521 935 2606 {curleium
986 2509 1034 2588 Et
1056 2509 1143 2589 lrin'c
1166 2509 1218 2592 est
1235 2510 1343 2618 quod
1362 2514 1418 2593 A·

180 2619 361 2704 stronomi
381 2618 596 2702 medium&
617 2618 801 2724 aqualem
820 2617 921 2700 Solis
941 2639 1088 2698 motum
1107 2619 1330 2727 investigare
1351 2650 1418 2702 co·

183 2735 260 2814 aut
296 2729 380 2830 srnt,
408 2729 525 2832 juxta
544 2754 661 2836 quem
691 2732 786 2809 Dies
806 2727 927 2807 civilis
957 2723 1035 2807 sive
1056 2741 1232 2834 νυχθίμρρῑ
1245 2729 1299 2812 est
1317 2727 1417 2812 istud

1366 2835 1405 2873 m

181 2849 368 2946 temporis
382 2842 542 2944 spatium
560 2867 641 2943 quo
659 2837 726 2919 Sol
741 2843 947 2945 aequatoris
960 2839 1131 2944 scrupula
1149 2835 1225 2946 59‘.
1242 2834 1364 2945 8“.19
1407 2901 1417 2923 .

209 2993 211 3000 y
239 2946 291 2983 mr
378 2944 444 2982 tm(

183 2977 233 3058 43
293 2977 373 3052 ‚47
446 3009 456 3032 .
478 2953 673 3056 percurrit.

234 3169 307 3251 JV.
342 3162 434 3248 Diei
454 3167 596 3248 Civilis
617 3186 765 3272 quatuor
786 3167 1038 3262 constituuntur
1057 3167 1192 3277 epochae
1202 3203 1213 3268 ;
1239 3170 1303 3250 vel
1323 3175 1417 3248 enim

267 3273 276 3291 ⁰
294 3273 341 3358 ab
358 3275 475 3380 occasu
485 3275 581 3377 solis
598 3271 652 3354 acl
668 3275 828 3378 occafitm,
856 3278 922 3357 vel
939 3273 986 3355 ab
1001 3297 1082 3357 ortu
1095 3272 1287 3378 adortum,
1315 3277 1419 3359 veli

293 3386 448 3470 meridie
466 3384 519 3466 ad
533 3380 730 3490 meridiem,
759 3387 823 3468 vel
840 3383 992 3469 timedio
1006 3385 1100 3469 nolle
1119 3384 1174 3471 ad
1185 3383 1337 3468 mediam
1356 3417 1417 3469 no·
1507 3489 1510 3495 .

297 3499 384 3578 Hem
403 3517 633 3610 computatur.
1332 3596 1335 3602 Ι

237 3610 289 3690 V.
323 3638 355 3688 1.
396 3607 454 3696 Ab
476 3606 591 3711 ocrafit
609 3605 700 3710 fiolis
717 3603 810 3690 diem
823 3600 1013 3713 auspicati·
1025 3608 1114 3712 sunt
1135 3603 1272 3718 Judaet',
1301 3613 1417 3710 Athe,-

289 3714 441 3822 nirnses,
468 3714 624 3823 Arabes,
652 3719 815 3820 Bohemi,
841 3716 975 3826 Silesti.

241 3971 274 4025 1.
297 3936 394 4023 Hoc
412 3935 934 4129 primum&amiquilsm31m
957 3943 1030 4024 fuit
1056 3939 1133 4022 diei
1152 3937 1418 4132 Civilisdexor-

681 4097 683 4100 ·
1310 4079 1389 4132 lum
1408 4081 1419 4130 2
