3256 4382
645 103 1008 279 Institutionum
1263 92 1438 228 Libi.

655 379 700 472 c
732 383 777 476 A
808 386 856 474 P.
923 379 1001 480 Vr.
1143 414 1148 421 ·
1400 318 1402 322 ¹

618 593 689 686 De
706 585 1021 692 Hebdomade.

458 794 665 883 Hebdomas
682 801 730 902 est
736 795 873 912 septe'm
892 795 1028 880 dierum
1046 799 1211 910 Systema.

218 1019 252 1075 1.
319 1063 321 1066 .
403 987 495 1070 00
511 992 653 1098 septem
670 989 815 1073 dierum
841 988 1014 1097 Systema
1038 987 1089 1070 ab
1110 992 1191 1096 ipso
1209 984 1339 1070 mundi
1358 1015 1447 1071 con-

417 1100 538 1181 ditore
561 1101 773 1182 institutum
805 1103 892 1198 fuit,
921 1105 989 1206 qui
1019 1123 1098 1179 tam
1127 1097 1306 1206 exemplo
1332 1101 1448 1205 quim

215 1239 407 1320 praecepro
431 1209 604 1292 homines
618 1215 682 1293 sex
703 1210 840 1293 diebus
860 1207 1052 1290 laboribus
1071 1235 1226 1314 operam
1241 1208 1344 1307 dare,
1371 1211 1451 1317 sep·
1562 1287 1564 1291 .

216 1330 314 1404 timo
327 1327 495 1402 animum
515 1320 641 1402 levare
662 1321 805 1402 docuit.
847 1321 895 1400 Et
916 1317 1005 1400 hinc
1024 1315 1202 1423 estquod
1222 1318 1271 1400 ab
1290 1316 1377 1426 ipsis
1394 1347 1451 1400 re-

216 1461 300 1513 rum
327 1428 566 1533 incunabulis
590 1434 748 1536 septima
765 1455 929 1536 quaeque
951 1427 1034 1510 dies
1053 1427 1076 1508 ὲ
1093 1427 1317 1510 Patriarchis
1336 1432 1370 1509 u
1388 1430 1453 1524 Ju-

219 1542 313 1622 daeis
339 1538 527 1621 celebrata
554 1541 637 1621 fuit.
686 1545 722 1622 A
743 1541 885 1646 quibus
903 1545 1020 1619 etiam
1039 1539 1216 1620 Gentiles
1238 1535 1452 1622 institutum

218 1649 294 1732 hoe
313 1673 513 1756 acceptum
527 1649 777 1732 observabant
795 1674 809 1735 3
837 1646 938 1730 unde
952 1644 1143 1731 Hefiodus
1155 1652 1265 1730 initio
1282 1657 1398 1751 ῦμςὸι.

275 1864 389 1950 Upim
406 1872 455 1938 im
471 1861 566 1951 πἹςᾶς
580 1895 611 1938 π
628 1829 767 1958 §iterim
781 1860 958 1954 ἷεωῖμις,

275 1981 436 2060 Primum
450 1981 685 2082 novilunium,
714 1998 905 2088 quartaque
919 1977 963 2066 ξς
970 1975 1127 2088 septima
1134 1977 1241 2078 sacra
1255 1970 1345 2061 dies.

203 2277 204 2280 p
224 2185 314 2266 Aua
325 2186 492 2290 septimae
504 2185 682 2298 cujusque
701 2184 778 2270 diei
787 2183 985 2268 celebratae
995 2182 1172 2293 vestigia3
1194 2181 1298 2290 apud
1310 2183 1460 2266 Home·

225 2323 322 2397 rum,
343 2294 638 2398 Callimachum,
664 2300 907 2396 Suetonium,
928 2301 1154 2394 Lucianum,
1189 2291 1460 2401 aliosqueEth-

224 2414 333 2486 nicos
351 2407 561 2512 Scriptores
590 2430 751 2488 extant:
788 2403 890 2487 unde
908 2404 1151 2512 Theophilus
1180 2403 1459 2506 Antiochenus,

225 2527 371 2601 meirir
392 2527 513 2606 {cumr
539 2521 999 2622 ἦμὲῃςιῗνπᾶνἹεςόνορἆζισι)
1028 2511 1088 2596 De
1102 2511 1259 2624 fiptima
1277 2510 1338 2596 die
1358 2544 1458 2623 quam
1512 2563 1527 2577 ·-

226 2651 339 2704 omnes
357 2620 546 2704 celebrant.
576 2623 637 2706 Ad
660 2624 790 2706 Autol.
813 2625 835 2708 l.
854 2657 889 2710 2.

83 2775 85 2778 ·
209 2732 217 2824 ’Ν
285 2765 321 2816 2.
334 2733 501 2820 Veteres
522 2758 651 2817 autem
667 2734 833 2818 Romani
852 2765 928 2816 non
944 2727 1194 2816 Hebdomades
1207 2731 1271 2817 sed
1283 2727 1461 2842 ogdoades

227 2839 408 2954 peregisse
429 2842 609 2924 videntur
638 2877 647 2924 ε
700 2841 818 2948 idque
847 2870 1003 2949 propter
1035 2843 1222 2926 nundinas
1249 2859 1336 2952 qu'ae
1355 2874 1462 2928 nono

228 2952 404 3058 quolibet
417 2953 479 3033 die
498 2952 697 3034 celebratae
716 2957 815 3053 sunt,
845 2956 889 3036 ei
906 2962 1201 3053 tamentatione,
1223 2980 1266 3036 ut
1286 2952 1353 3060 ipsr
1367 2984 1462 3036 nun·

208 3077 211 3088 “
230 3066 403 3144 dinatum
425 3061 507 3142 dies
527 3064 601 3144 unit
619 3061 980 3167 putabantutiadeti
999 3090 1043 3144 ut
1055 3065 1196 3170 septem
1211 3063 1357 3146 tantum
1379 3065 1463 3148 dies

229 3172 344 3280 solidi
358 3169 547 3253 nundinas
579 3175 849 3272 interimerent,
877 3198 922 3254 ut
956 3172 977 3255 ὲ
1006 3171 1210 3280 Dyorrysro
1229 3174 1466 3256 Halicatnes-

228 3283 323 3366 censi
348 3284 575 3364 &Varrone
600 3283 731 3388 liquet.
772 3285 821 3361 Et
834 3283 921 3364 hinc
935 3283 1077 3364 fautum
1095 3284 1161 3381 est,
1191 3281 1299 3388 quod
1323 3291 1361 3365 in
1382 3289 1466 3366 Au·

229 3394 326 3502 gusti
340 3389 590 3486 Kalendario‚
617 3394 753 3472 Romae
773 3419 849 3474 non
871 3399 924 3474 ita
950 3391 1095 3498 pridem
1118 3386 1264 3492 effoffO,
1292 3397 1466 3500 nonsep-

229 3527 321 3602 tem,
350 3526 394 3580 ut
413 3507 451 3582 in
472 3501 619 3599 nostris,
634 3499 696 3581 sed
710 3503 800 3580 odio
815 3527 995 3584 notantur
1012 3502 1221 3600 direptio
1236 3502 1313 3583 istis
1334 3503 1465 3606 literis,

232 3621 278 3694 A.
292 3615 332 3692 B.
346 3609 391 3690 C.
405 3617 453 3690 D.
469 3615 509 3692 E.
525 3615 562 3691 F.
582 3615 628 3690 G.
647 3611 702 3708 H,
717 3637 803 3716 quae
825 3615 967 3694 rursum
985 3611 1032 3694 de
1045 3640 1148 3694 rrovo
1166 3617 1388 3716 incipientes
1408 3639 1470 3695 to-

140 3823 141 3828 p
229 3747 311 3804 rum
326 3745 541 3827 percurrant
563 3724 729 3820 Annum,
748 3749 825 3802 non
847 3723 952 3804 secus
968 3729 1059 3804 acin
1079 3721 1212 3805 nostris
1225 3721 1469 3806 Kalendariis

230 3835 372 3936 septem
394 3855 443 3909 ex
462 3827 540 3911 istis
559 3827 680 3911 literis
711 3834 790 3911 viz.
811 3830 893 3940 usq3
913 3828 961 3914 ad
974 3835 1034 3913 G.
1052 3829 1231 3917 inclusive
1249 3841 1472 3936 numeratis,

233 3939 282 4026 eb
296 3947 405 4025 initio
425 3938 473 4022 ad
495 3946 582 4022 armi
603 3939 715 4025 finem
736 3939 870 4028 ordine
888 3941 1110 4048 funguntur.
1202 4041 1206 4048 ¹

1417 4051 1473 4134 Π.
